
@inproceedings{Han:2005:RWC:1066677.1066917,
 author = {Han, Hui and Manavoglu, Eren and Zha, Hongyuan and Tsioutsiouliklis, Kostas and Giles, C. Lee and Zhang, Xiangmin},
 title = {Rule-based word clustering for document metadata extraction},
 booktitle = {Proceedings of the 2005 ACM symposium on Applied computing},
 series = {SAC '05},
 year = {2005},
 isbn = {1-58113-964-0},
 location = {Santa Fe, New Mexico},
 pages = {1049--1053},
 numpages = {5},
 url = {http://doi.acm.org/10.1145/1066677.1066917},
 doi = {http://doi.acm.org/10.1145/1066677.1066917},
 acmid = {1066917},
 publisher = {ACM},
 address = {New York, NY, USA},
 keywords = {feature dimensionality reduction, word clustering},
}

@inproceedings{Alonso:2009:CES:1645953.1645968,
 author = {Alonso, Omar and Gertz, Michael and Baeza-Yates, Ricardo},
 title = {Clustering and exploring search results using timeline constructions},
 booktitle = {Proceeding of the 18th ACM conference on Information and knowledge management},
 series = {CIKM '09},
 year = {2009},
 isbn = {978-1-60558-512-3},
 location = {Hong Kong, China},
 pages = {97--106},
 numpages = {10},
 url = {http://doi.acm.org/10.1145/1645953.1645968},
 doi = {http://doi.acm.org/10.1145/1645953.1645968},
 acmid = {1645968},
 publisher = {ACM},
 address = {New York, NY, USA},
 keywords = {exploratory search, hit list clustering, temporal information},
}

