
@inproceedings{Beckmann:1990:RER:93597.98741,
 author = {Beckmann, Norbert and Kriegel, Hans-Peter and Schneider, Ralf and Seeger, Bernhard},
 title = {The R*-tree: an efficient and robust access method for points and rectangles},
 booktitle = {Proceedings of the 1990 ACM SIGMOD international conference on Management of data},
 series = {SIGMOD '90},
 year = {1990},
 isbn = {0-89791-365-5},
 location = {Atlantic City, New Jersey, United States},
 pages = {322--331},
 numpages = {10},
 url = {http://doi.acm.org/10.1145/93597.98741},
 doi = {http://doi.acm.org/10.1145/93597.98741},
 acmid = {98741},
 publisher = {ACM},
 address = {New York, NY, USA},
}

@inproceedings{Guha:1998:CEC:276304.276312,
 author = {Guha, Sudipto and Rastogi, Rajeev and Shim, Kyuseok},
 title = {CURE: an efficient clustering algorithm for large databases},
 booktitle = {Proceedings of the 1998 ACM SIGMOD international conference on Management of data},
 series = {SIGMOD '98},
 year = {1998},
 isbn = {0-89791-995-5},
 location = {Seattle, Washington, United States},
 pages = {73--84},
 numpages = {12},
 url = {http://doi.acm.org/10.1145/276304.276312},
 doi = {http://doi.acm.org/10.1145/276304.276312},
 acmid = {276312},
 publisher = {ACM},
 address = {New York, NY, USA},
}

@article{Jones:2007:TPQ:1247715.1247720,
 author = {Jones, Rosie and Diaz, Fernando},
 title = {Temporal profiles of queries},
 journal = {ACM Trans. Inf. Syst.},
 volume = {25},
 issue = {3},
 month = {July},
 year = {2007},
 issn = {1046-8188},
 articleno = {14},
 url = {http://doi.acm.org/10.1145/1247715.1247720},
 doi = {http://doi.acm.org/10.1145/1247715.1247720},
 acmid = {1247720},
 publisher = {ACM},
 address = {New York, NY, USA},
 keywords = {Time, ambiguity, event detection, language models, precision prediction, query classification, temporal profiles},
}

@article{Su:2009:OOD:1538909.1538914,
 author = {Su, Weifeng and Wang, Jiying and Lochovsky, Frederick H.},
 title = {ODE: Ontology-assisted data extraction},
 journal = {ACM Trans. Database Syst.},
 volume = {34},
 issue = {2},
 month = {July},
 year = {2009},
 issn = {0362-5915},
 pages = {12:1--12:35},
 articleno = {12},
 numpages = {35},
 url = {http://doi.acm.org/10.1145/1538909.1538914},
 doi = {http://doi.acm.org/10.1145/1538909.1538914},
 acmid = {1538914},
 publisher = {ACM},
 address = {New York, NY, USA},
 keywords = {Domain ontology, data value alignment, label assignment},
}

@article{Kriegel:2009:CHD:1497577.1497578,
 author = {Kriegel, Hans-Peter and Kr\"{o}ger, Peer and Zimek, Arthur},
 title = {Clustering high-dimensional data: A survey on subspace clustering, pattern-based clustering, and correlation clustering},
 journal = {ACM Trans. Knowl. Discov. Data},
 volume = {3},
 issue = {1},
 month = {March},
 year = {2009},
 issn = {1556-4681},
 pages = {1:1--1:58},
 articleno = {1},
 numpages = {58},
 url = {http://doi.acm.org/10.1145/1497577.1497578},
 doi = {http://doi.acm.org/10.1145/1497577.1497578},
 acmid = {1497578},
 publisher = {ACM},
 address = {New York, NY, USA},
 keywords = {Survey, clustering, high-dimensional data},
}

@article{Islam:2008:STS:1376815.1376819,
 author = {Islam, Aminul and Inkpen, Diana},
 title = {Semantic text similarity using corpus-based word similarity and string similarity},
 journal = {ACM Trans. Knowl. Discov. Data},
 volume = {2},
 issue = {2},
 month = {July},
 year = {2008},
 issn = {1556-4681},
 pages = {10:1--10:25},
 articleno = {10},
 numpages = {25},
 url = {http://doi.acm.org/10.1145/1376815.1376819},
 doi = {http://doi.acm.org/10.1145/1376815.1376819},
 acmid = {1376819},
 publisher = {ACM},
 address = {New York, NY, USA},
 keywords = {Semantic similarity of words, corpus-based measures, similarity of short texts},
}

@article{Bohm:2007:RPN:1297332.1297334,
 author = {B\"{o}hm, Christian and Faloutsos, Christos and Pan, Jia-Yu and Plant, Claudia},
 title = {RIC: Parameter-free noise-robust clustering},
 journal = {ACM Trans. Knowl. Discov. Data},
 volume = {1},
 issue = {3},
 month = {December},
 year = {2007},
 issn = {1556-4681},
 articleno = {10},
 url = {http://doi.acm.org/10.1145/1297332.1297334},
 doi = {http://doi.acm.org/10.1145/1297332.1297334},
 acmid = {1297334},
 publisher = {ACM},
 address = {New York, NY, USA},
 keywords = {Clustering, data summarization, noise robustness, parameter-free data mining},
}

@article{Gliozzo:2009:ITC:1596515.1596516,
 author = {Gliozzo, Alfio and Strapparava, Carlo and Dagan, Ido},
 title = {Improving text categorization bootstrapping via unsupervised learning},
 journal = {ACM Trans. Speech Lang. Process.},
 volume = {6},
 issue = {1},
 month = {October},
 year = {2009},
 issn = {1550-4875},
 pages = {1:1--1:24},
 articleno = {1},
 numpages = {24},
 url = {http://doi.acm.org/10.1145/1596515.1596516},
 doi = {http://doi.acm.org/10.1145/1596515.1596516},
 acmid = {1596516},
 publisher = {ACM},
 address = {New York, NY, USA},
 keywords = {Text categorization, bootstrapping, unsupervised machine learning},
}

@article{Kurland:2009:CLM:1508850.1508851,
 author = {Kurland, Oren and Lee, Lillian},
 title = {Clusters, language models, and ad hoc information retrieval},
 journal = {ACM Trans. Inf. Syst.},
 volume = {27},
 issue = {3},
 month = {May},
 year = {2009},
 issn = {1046-8188},
 pages = {13:1--13:39},
 articleno = {13},
 numpages = {39},
 url = {http://doi.acm.org/10.1145/1508850.1508851},
 doi = {http://doi.acm.org/10.1145/1508850.1508851},
 acmid = {1508851},
 publisher = {ACM},
 address = {New York, NY, USA},
 keywords = {Language modeling, aspect models, cluster hypothesis, cluster-based language models, clustering, interpolation model, smoothing},
}

@inproceedings{desJardins:2007:IVC:1216295.1216367,
 author = {desJardins, Marie and MacGlashan, James and Ferraioli, Julia},
 title = {Interactive visual clustering},
 booktitle = {Proceedings of the 12th international conference on Intelligent user interfaces},
 series = {IUI '07},
 year = {2007},
 isbn = {1-59593-481-2},
 location = {Honolulu, Hawaii, USA},
 pages = {361--364},
 numpages = {4},
 url = {http://doi.acm.org/10.1145/1216295.1216367},
 doi = {http://doi.acm.org/10.1145/1216295.1216367},
 acmid = {1216367},
 publisher = {ACM},
 address = {New York, NY, USA},
 keywords = {clustering, constraints, interaction},
}

@inproceedings{Yin:2005:CCU:1081870.1081910,
 author = {Yin, Xiaoxin and Han, Jiawei and Yu, Philip S.},
 title = {Cross-relational clustering with user's guidance},
 booktitle = {Proceedings of the eleventh ACM SIGKDD international conference on Knowledge discovery in data mining},
 series = {KDD '05},
 year = {2005},
 isbn = {1-59593-135-X},
 location = {Chicago, Illinois, USA},
 pages = {344--353},
 numpages = {10},
 url = {http://doi.acm.org/10.1145/1081870.1081910},
 doi = {http://doi.acm.org/10.1145/1081870.1081910},
 acmid = {1081910},
 publisher = {ACM},
 address = {New York, NY, USA},
 keywords = {clustering, data mining, relational databases},
}

@inproceedings{Long:2007:PFR:1281192.1281244,
 author = {Long, Bo and Zhang, Zhongfei Mark and Yu, Philip S.},
 title = {A probabilistic framework for relational clustering},
 booktitle = {Proceedings of the 13th ACM SIGKDD international conference on Knowledge discovery and data mining},
 series = {KDD '07},
 year = {2007},
 isbn = {978-1-59593-609-7},
 location = {San Jose, California, USA},
 pages = {470--479},
 numpages = {10},
 url = {http://doi.acm.org/10.1145/1281192.1281244},
 doi = {http://doi.acm.org/10.1145/1281192.1281244},
 acmid = {1281244},
 publisher = {ACM},
 address = {New York, NY, USA},
 keywords = {clustering, relational clustering, relational data},
}

@inproceedings{Chen:2009:KSS:1559845.1559966,
 author = {Chen, Yi and Wang, Wei and Liu, Ziyang and Lin, Xuemin},
 title = {Keyword search on structured and semi-structured data},
 booktitle = {Proceedings of the 35th SIGMOD international conference on Management of data},
 series = {SIGMOD '09},
 year = {2009},
 isbn = {978-1-60558-551-2},
 location = {Providence, Rhode Island, USA},
 pages = {1005--1010},
 numpages = {6},
 url = {http://doi.acm.org/10.1145/1559845.1559966},
 doi = {http://doi.acm.org/10.1145/1559845.1559966},
 acmid = {1559966},
 publisher = {ACM},
 address = {New York, NY, USA},
 keywords = {databases, keyword search, top-k, xml},
}

@inproceedings{Alonso:2008:SCS:1390334.1390457,
 author = {Alonso, Omar and Talbot, Justin},
 title = {Structuring collections with Scatter/Gather extensions},
 booktitle = {Proceedings of the 31st annual international ACM SIGIR conference on Research and development in information retrieval},
 series = {SIGIR '08},
 year = {2008},
 isbn = {978-1-60558-164-4},
 location = {Singapore, Singapore},
 pages = {697--698},
 numpages = {2},
 url = {http://doi.acm.org/10.1145/1390334.1390457},
 doi = {http://doi.acm.org/10.1145/1390334.1390457},
 acmid = {1390457},
 publisher = {ACM},
 address = {New York, NY, USA},
 keywords = {Scatter/Gather, clustering, sense-making, text summarization},
}

@inproceedings{Pirolli:1996:SBC:238386.238489,
 author = {Pirolli, Peter and Schank, Patricia and Hearst, Marti and Diehl, Christine},
 title = {Scatter/gather browsing communicates the topic structure of a very large text collection},
 booktitle = {Proceedings of the SIGCHI conference on Human factors in computing systems: common ground},
 series = {CHI '96},
 year = {1996},
 isbn = {0-89791-777-4},
 location = {Vancouver, British Columbia, Canada},
 pages = {213--220},
 numpages = {8},
 url = {http://doi.acm.org/10.1145/238386.238489},
 doi = {http://doi.acm.org/10.1145/238386.238489},
 acmid = {238489},
 publisher = {ACM},
 address = {New York, NY, USA},
 keywords = {Scatter/Gather, browsing, clustering, information retrieval},
}

@article{Halteren:2007:AVL:1187415.1187416,
 author = {Halteren, Hans Van},
 title = {Author verification by linguistic profiling: An exploration of the parameter space},
 journal = {ACM Trans. Speech Lang. Process.},
 volume = {4},
 issue = {1},
 month = {February},
 year = {2007},
 issn = {1550-4875},
 pages = {1:1--1:17},
 articleno = {1},
 numpages = {17},
 url = {http://doi.acm.org/10.1145/1187415.1187416},
 doi = {http://doi.acm.org/10.1145/1187415.1187416},
 acmid = {1187416},
 publisher = {ACM},
 address = {New York, NY, USA},
 keywords = {Authorship attribution, authorship recognition, authorship verification, machine learning},
}

@article{Jayram:2008:ESA:1412331.1412338,
 author = {Jayram, T. S. and McGregor, Andrew and Muthukrishnan, S. and Vee, Erik},
 title = {Estimating statistical aggregates on probabilistic data streams},
 journal = {ACM Trans. Database Syst.},
 volume = {33},
 issue = {4},
 month = {December},
 year = {2008},
 issn = {0362-5915},
 pages = {26:1--26:30},
 articleno = {26},
 numpages = {30},
 url = {http://doi.acm.org/10.1145/1412331.1412338},
 doi = {http://doi.acm.org/10.1145/1412331.1412338},
 acmid = {1412338},
 publisher = {ACM},
 address = {New York, NY, USA},
 keywords = {OLAP, Probabilistic streams, frequency moments, mean, median},
}

@article{Wu:2008:ITT:1361684.1361686,
 author = {Wu, Ho Chung and Luk, Robert Wing Pong and Wong, Kam Fai and Kwok, Kui Lam},
 title = {Interpreting TF-IDF term weights as making relevance decisions},
 journal = {ACM Trans. Inf. Syst.},
 volume = {26},
 issue = {3},
 month = {June},
 year = {2008},
 issn = {1046-8188},
 pages = {13:1--13:37},
 articleno = {13},
 numpages = {37},
 url = {http://doi.acm.org/10.1145/1361684.1361686},
 doi = {http://doi.acm.org/10.1145/1361684.1361686},
 acmid = {1361686},
 publisher = {ACM},
 address = {New York, NY, USA},
 keywords = {Information retrieval, relevance decision, term weight},
}

@inproceedings{Ordonez:2004:PKC:1014052.1016921,
 author = {Ordonez, Carlos},
 title = {Programming the K-means clustering algorithm in SQL},
 booktitle = {Proceedings of the tenth ACM SIGKDD international conference on Knowledge discovery and data mining},
 series = {KDD '04},
 year = {2004},
 isbn = {1-58113-888-1},
 location = {Seattle, WA, USA},
 pages = {823--828},
 numpages = {6},
 url = {http://doi.acm.org/10.1145/1014052.1016921},
 doi = {http://doi.acm.org/10.1145/1014052.1016921},
 acmid = {1016921},
 publisher = {ACM},
 address = {New York, NY, USA},
 keywords = {K-means, SQL, clustering},
}

@article{Soliman:2008:PTK:1386118.1386119,
 author = {Soliman, Mohamed A. and Ilyas, Ihab F. and Chang, Kevin Chen--Chuan},
 title = {Probabilistic top-k and ranking-aggregate queries},
 journal = {ACM Trans. Database Syst.},
 volume = {33},
 issue = {3},
 month = {September},
 year = {2008},
 issn = {0362-5915},
 pages = {13:1--13:54},
 articleno = {13},
 numpages = {54},
 url = {http://doi.acm.org/10.1145/1386118.1386119},
 doi = {http://doi.acm.org/10.1145/1386118.1386119},
 acmid = {1386119},
 publisher = {ACM},
 address = {New York, NY, USA},
 keywords = {Query processing, aggregation, probabilistic data, ranking, top-k},
}

@article{Rusu:2008:SSJ:1386118.1386121,
 author = {Rusu, Florin and Dobra, Alin},
 title = {Sketches for size of join estimation},
 journal = {ACM Trans. Database Syst.},
 volume = {33},
 issue = {3},
 month = {September},
 year = {2008},
 issn = {0362-5915},
 pages = {15:1--15:46},
 articleno = {15},
 numpages = {46},
 url = {http://doi.acm.org/10.1145/1386118.1386121},
 doi = {http://doi.acm.org/10.1145/1386118.1386121},
 acmid = {1386121},
 publisher = {ACM},
 address = {New York, NY, USA},
 keywords = {AGMS sketches, Count-Min sketches, DMAP, Fast-AGMS sketches, Fast-Count sketches, Size of join estimation, fast range-summation},
}

@inproceedings{Provost:1999:EPS:312129.312188,
 author = {Provost, Foster and Jensen, David and Oates, Tim},
 title = {Efficient progressive sampling},
 booktitle = {Proceedings of the fifth ACM SIGKDD international conference on Knowledge discovery and data mining},
 series = {KDD '99},
 year = {1999},
 isbn = {1-58113-143-7},
 location = {San Diego, California, United States},
 pages = {23--32},
 numpages = {10},
 url = {http://doi.acm.org/10.1145/312129.312188},
 doi = {http://doi.acm.org/10.1145/312129.312188},
 acmid = {312188},
 publisher = {ACM},
 address = {New York, NY, USA},
}

@article{Chuang:2009:FSO:1460797.1460798,
 author = {Chuang, Kun-Ta and Chen, Hung-Leng and Chen, Ming-Syan},
 title = {Feature-preserved sampling over streaming data},
 journal = {ACM Trans. Knowl. Discov. Data},
 volume = {2},
 issue = {4},
 month = {January},
 year = {2009},
 issn = {1556-4681},
 pages = {15:1--15:45},
 articleno = {15},
 numpages = {45},
 url = {http://doi.acm.org/10.1145/1460797.1460798},
 doi = {http://doi.acm.org/10.1145/1460797.1460798},
 acmid = {1460798},
 publisher = {ACM},
 address = {New York, NY, USA},
 keywords = {Streaming mining, sampling},
}

@article{Rosen-Zvi:2010:LAM:1658377.1658381,
 author = {Rosen-Zvi, Michal and Chemudugunta, Chaitanya and Griffiths, Thomas and Smyth, Padhraic and Steyvers, Mark},
 title = {Learning author-topic models from text corpora},
 journal = {ACM Trans. Inf. Syst.},
 volume = {28},
 issue = {1},
 month = {January},
 year = {2010},
 issn = {1046-8188},
 pages = {4:1--4:38},
 articleno = {4},
 numpages = {38},
 url = {http://doi.acm.org/10.1145/1658377.1658381},
 doi = {http://doi.acm.org/10.1145/1658377.1658381},
 acmid = {1658381},
 publisher = {ACM},
 address = {New York, NY, USA},
 keywords = {Gibbs sampling, Topic models, author models, perplexity, unsupervised learning},
}

@inproceedings{Brinkhoff:1993:EPS:170035.170075,
 author = {Brinkhoff, Thomas and Kriegel, Hans-Peter and Seeger, Bernhard},
 title = {Efficient processing of spatial joins using R-trees},
 booktitle = {Proceedings of the 1993 ACM SIGMOD international conference on Management of data},
 series = {SIGMOD '93},
 year = {1993},
 isbn = {0-89791-592-5},
 location = {Washington, D.C., United States},
 pages = {237--246},
 numpages = {10},
 url = {http://doi.acm.org/10.1145/170035.170075},
 doi = {http://doi.acm.org/10.1145/170035.170075},
 acmid = {170075},
 publisher = {ACM},
 address = {New York, NY, USA},
}

@inproceedings{Ng:1994:EEC:645920.672827,
 author = {Ng, Raymond T. and Han, Jiawei},
 title = {Efficient and Effective Clustering Methods for Spatial Data Mining},
 booktitle = {Proceedings of the 20th International Conference on Very Large Data Bases},
 series = {VLDB '94},
 year = {1994},
 isbn = {1-55860-153-8},
 pages = {144--155},
 numpages = {12},
 url = {http://portal.acm.org/citation.cfm?id=645920.672827},
 acmid = {672827},
 publisher = {Morgan Kaufmann Publishers Inc.},
 address = {San Francisco, CA, USA},
}

@article{Yang:1999:ESA:357367.357383,
 author = {Yang, Yiming},
 title = {An Evaluation of Statistical Approaches to Text Categorization},
 journal = {Inf. Retr.},
 volume = {1},
 issue = {1-2},
 month = {May},
 year = {1999},
 issn = {1386-4564},
 pages = {69--90},
 numpages = {22},
 url = {http://portal.acm.org/citation.cfm?id=357367.357383},
 doi = {10.1023/A:1009982220290},
 acmid = {357383},
 publisher = {Kluwer Academic Publishers},
 address = {Hingham, MA, USA},
 keywords = {comparative study, evaluation, statistical learning algorithms, text categorization},
}

@article{Deerwester90indexingby,
 author = {Scott Deerwester and Susan T. Dumais and George W. Furnas and Thomas K. Landauer and Richard Harshman},
 title = {Indexing by latent semantic analysis},
 journal = {JOURNAL OF THE AMERICAN SOCIETY FOR INFORMATION SCIENCE},
 year = {1990},
 volume = {41},
 number = {6},
 pages = {391--407}
}

@article{Dumais95usinglinear,
 author = {Susan T. Dumais and Michael Berry and Michael W. Berry and Susan and T. Dumais},
 title = {Using Linear Algebra for Intelligent Information Retrieval},
 journal = {SIAM Review},
 year = {1995},
 volume = {37},
 pages = {573--595}
}
