
@inproceedings{Guha1998,
 author = {Guha, Sudipto and Rastogi, Rajeev and Shim, Kyuseok},
 title = {CURE: an efficient clustering algorithm for large databases},
 booktitle = {Proceedings of the 1998 ACM SIGMOD international conference on Management of data},
 series = {SIGMOD '98},
 year = {1998},
 isbn = {0-89791-995-5},
 location = {Seattle, Washington, United States},
 pages = {73--84},
 numpages = {12},
 url = {http://doi.acm.org/10.1145/276304.276312},
 doi = {http://doi.acm.org/10.1145/276304.276312},
 acmid = {276312},
 publisher = {ACM},
 address = {New York, NY, USA},
 annote = "{CURE attempts to adapt to clusters that are non-spherical.  It uses representative points instead of a single centroid.  They do a limited results comparison to prove their algorithm is better.  To handle very large data sets they use random sampling.  The graphs are very difficult to interpret.}"
}

@article{Jones2007,
 author = {Jones, Rosie and Diaz, Fernando},
 title = {Temporal profiles of queries},
 journal = {ACM Trans. Inf. Syst.},
 volume = {25},
 issue = {3},
 month = {July},
 year = {2007},
 issn = {1046-8188},
 articleno = {14},
 url = {http://doi.acm.org/10.1145/1247715.1247720},
 doi = {http://doi.acm.org/10.1145/1247715.1247720},
 acmid = {1247720},
 publisher = {ACM},
 address = {New York, NY, USA},
 keywords = {Time, ambiguity, event detection, language models, precision prediction, query classification, temporal profiles},
 annote = "{I need to examine this paper's results pertaining to user interactions with temporal queries.  Need to finish reading.}"
}

@article{Bohm2007,
 author = {B\"{o}hm, Christian and Faloutsos, Christos and Pan, Jia-Yu and Plant, Claudia},
 title = {RIC: Parameter-free noise-robust clustering},
 journal = {ACM Trans. Knowl. Discov. Data},
 volume = {1},
 issue = {3},
 month = {December},
 year = {2007},
 issn = {1556-4681},
 articleno = {10},
 url = {http://doi.acm.org/10.1145/1297332.1297334},
 doi = {http://doi.acm.org/10.1145/1297332.1297334},
 acmid = {1297334},
 publisher = {ACM},
 address = {New York, NY, USA},
 keywords = {Clustering, data summarization, noise robustness, parameter-free data mining},
 annote = "{Reducing noise is an important clustering issue.  Still need to read.}"
}

@inproceedings{desJardins2007,
 author = {desJardins, Marie and MacGlashan, James and Ferraioli, Julia},
 title = {Interactive visual clustering},
 booktitle = {Proceedings of the 12th international conference on Intelligent user interfaces},
 series = {IUI '07},
 year = {2007},
 isbn = {1-59593-481-2},
 location = {Honolulu, Hawaii, USA},
 pages = {361--364},
 numpages = {4},
 url = {http://doi.acm.org/10.1145/1216295.1216367},
 doi = {http://doi.acm.org/10.1145/1216295.1216367},
 acmid = {1216367},
 publisher = {ACM},
 address = {New York, NY, USA},
 keywords = {clustering, constraints, interaction},
 annote = "{Interesting approach to letting a user interact with a 2D graph.  The graph clustering itself is kind of strange and doesn't entirely appear to be useful with their examples.  Possibly worth applying a similar technique to other another dataset.}"
}

@inproceedings{Yin2005,
 author = {Yin, Xiaoxin and Han, Jiawei and Yu, Philip S.},
 title = {Cross-relational clustering with user's guidance},
 booktitle = {Proceedings of the eleventh ACM SIGKDD international conference on Knowledge discovery in data mining},
 series = {KDD '05},
 year = {2005},
 isbn = {1-59593-135-X},
 location = {Chicago, Illinois, USA},
 pages = {344--353},
 numpages = {10},
 url = {http://doi.acm.org/10.1145/1081870.1081910},
 doi = {http://doi.acm.org/10.1145/1081870.1081910},
 acmid = {1081910},
 publisher = {ACM},
 address = {New York, NY, USA},
 keywords = {clustering, data mining, relational databases},
 annote = "{This paper makes an attempt to cluster based on user input for attributes.  Need to read further.}"
}

@inproceedings{Alonso2008,
 author = {Alonso, Omar and Talbot, Justin},
 title = {Structuring collections with Scatter/Gather extensions},
 booktitle = {Proceedings of the 31st annual international ACM SIGIR conference on Research and development in information retrieval},
 series = {SIGIR '08},
 year = {2008},
 isbn = {978-1-60558-164-4},
 location = {Singapore, Singapore},
 pages = {697--698},
 numpages = {2},
 url = {http://doi.acm.org/10.1145/1390334.1390457},
 doi = {http://doi.acm.org/10.1145/1390334.1390457},
 acmid = {1390457},
 publisher = {ACM},
 address = {New York, NY, USA},
 keywords = {Scatter/Gather, clustering, sense-making, text summarization},
 annote = "{Interesting extension to scatter-gather, but the interface is still like a tree list.}"
}

@inproceedings{Pirolli1996,
 author = {Pirolli, Peter and Schank, Patricia and Hearst, Marti and Diehl, Christine},
 title = {Scatter/gather browsing communicates the topic structure of a very large text collection},
 booktitle = {Proceedings of the SIGCHI conference on Human factors in computing systems: common ground},
 series = {CHI '96},
 year = {1996},
 isbn = {0-89791-777-4},
 location = {Vancouver, British Columbia, Canada},
 pages = {213--220},
 numpages = {8},
 url = {http://doi.acm.org/10.1145/238386.238489},
 doi = {http://doi.acm.org/10.1145/238386.238489},
 acmid = {238489},
 publisher = {ACM},
 address = {New York, NY, USA},
 keywords = {Scatter/Gather, browsing, clustering, information retrieval},
 annote = "{Still need to read.}"
}

@article{Yang1999,
 author = {Yang, Yiming},
 title = {An Evaluation of Statistical Approaches to Text Categorization},
 journal = {Inf. Retr.},
 volume = {1},
 issue = {1-2},
 month = {May},
 year = {1999},
 issn = {1386-4564},
 pages = {69--90},
 numpages = {22},
 url = {http://portal.acm.org/citation.cfm?id=357367.357383},
 doi = {10.1023/A:1009982220290},
 acmid = {357383},
 publisher = {Kluwer Academic Publishers},
 address = {Hingham, MA, USA},
 keywords = {comparative study, evaluation, statistical learning algorithms, text categorization},
 annote = "{Has some useful results pertaining to performance characteristics with kNN, LLSF, WORD, Naive Bayes, etc.  Their data sets were variations of Reuters.}"
}

@article{Deerwester90,
 author = {Scott Deerwester and Susan T. Dumais and George W. Furnas and Thomas K. Landauer and Richard Harshman},
 title = {Indexing by latent semantic analysis},
 journal = {JOURNAL OF THE AMERICAN SOCIETY FOR INFORMATION SCIENCE},
 year = {1990},
 volume = {41},
 number = {6},
 pages = {391--407},
 annote = "{Very interesting paper.  First real work on the subject of Latent Semantic Analysis.}"
}

@article{Dumais95,
 author = {Susan T. Dumais and Michael Berry and Michael W. Berry and Susan and T. Dumais},
 title = {Using Linear Algebra for Intelligent Information Retrieval},
 journal = {SIAM Review},
 year = {1995},
 volume = {37},
 pages = {573--595},
 annote = "{Amusingly enough this paper is only a minor upgrade from Deerwester et al.}"
}

@article{Kurland2009,
 author = {Kurland, Oren and Lee, Lillian},
 title = {Clusters, language models, and ad hoc information retrieval},
 journal = {ACM Trans. Inf. Syst.},
 volume = {27},
 issue = {3},
 month = {May},
 year = {2009},
 issn = {1046-8188},
 pages = {13:1--13:39},
 articleno = {13},
 numpages = {39},
 url = {http://doi.acm.org/10.1145/1508850.1508851},
 doi = {http://doi.acm.org/10.1145/1508850.1508851},
 acmid = {1508851},
 publisher = {ACM},
 address = {New York, NY, USA},
 keywords = {Language modeling, aspect models, cluster hypothesis, cluster-based language models, clustering, interpolation model, smoothing},
 annote = "{Still need to read.}"
}

@inproceedings{Long2007,
 author = {Long, Bo and Zhang, Zhongfei Mark and Yu, Philip S.},
 title = {A probabilistic framework for relational clustering},
 booktitle = {Proceedings of the 13th ACM SIGKDD international conference on Knowledge discovery and data mining},
 series = {KDD '07},
 year = {2007},
 isbn = {978-1-59593-609-7},
 location = {San Jose, California, USA},
 pages = {470--479},
 numpages = {10},
 url = {http://doi.acm.org/10.1145/1281192.1281244},
 doi = {http://doi.acm.org/10.1145/1281192.1281244},
 acmid = {1281244},
 publisher = {ACM},
 address = {New York, NY, USA},
 keywords = {clustering, relational clustering, relational data},
 annote = "{Still need to read.}"
}

