
@inproceedings{desJardins2007,
 author = {desJardins, Marie and MacGlashan, James and Ferraioli, Julia},
 title = {Interactive visual clustering},
 booktitle = {Proceedings of the 12th international conference on Intelligent user interfaces},
 series = {IUI '07},
 year = {2007},
 isbn = {1-59593-481-2},
 location = {Honolulu, Hawaii, USA},
 pages = {361--364},
 numpages = {4},
 url = {http://doi.acm.org/10.1145/1216295.1216367},
 doi = {http://doi.acm.org/10.1145/1216295.1216367},
 acmid = {1216367},
 publisher = {ACM},
 address = {New York, NY, USA},
 keywords = {clustering, constraints, interaction},
 annote = "{Interesting approach to letting a user interact with a 2D graph.  The graph clustering itself is kind of strange and doesn't entirely appear to be useful with their examples.  Possibly worth applying a similar technique to other another dataset.}"
}

@inproceedings{Alonso2008,
 author = {Alonso, Omar and Talbot, Justin},
 title = {Structuring collections with Scatter/Gather extensions},
 booktitle = {Proceedings of the 31st annual international ACM SIGIR conference on Research and development in information retrieval},
 series = {SIGIR '08},
 year = {2008},
 isbn = {978-1-60558-164-4},
 location = {Singapore, Singapore},
 pages = {697--698},
 numpages = {2},
 url = {http://doi.acm.org/10.1145/1390334.1390457},
 doi = {http://doi.acm.org/10.1145/1390334.1390457},
 acmid = {1390457},
 publisher = {ACM},
 address = {New York, NY, USA},
 keywords = {Scatter/Gather, clustering, sense-making, text summarization},
 annote = "{Interesting extension to scatter-gather, but the interface is still like a tree list.}"
}

@article{Deerwester90,
 author = {Scott Deerwester and Susan T. Dumais and George W. Furnas and Thomas K. Landauer and Richard Harshman},
 title = {Indexing by latent semantic analysis},
 journal = {JOURNAL OF THE AMERICAN SOCIETY FOR INFORMATION SCIENCE},
 year = {1990},
 volume = {41},
 number = {6},
 pages = {391--407},
 annote = "{Very interesting paper.  First real work on the subject of Latent Semantic Analysis.}"
}

@article{Yang1999,
 author = {Yang, Yiming},
 title = {An Evaluation of Statistical Approaches to Text Categorization},
 journal = {Inf. Retr.},
 volume = {1},
 issue = {1-2},
 month = {May},
 year = {1999},
 issn = {1386-4564},
 pages = {69--90},
 numpages = {22},
 url = {http://portal.acm.org/citation.cfm?id=357367.357383},
 doi = {10.1023/A:1009982220290},
 acmid = {357383},
 publisher = {Kluwer Academic Publishers},
 address = {Hingham, MA, USA},
 keywords = {comparative study, evaluation, statistical learning algorithms, text categorization},
 annote = "{Has some useful results pertaining to performance characteristics with kNN, LLSF, WORD, Naive Bayes, etc.  Their data sets were variations of Reuters.}"
}

@inproceedings{Yin2005,
 author = {Yin, Xiaoxin and Han, Jiawei and Yu, Philip S.},
 title = {Cross-relational clustering with user's guidance},
 booktitle = {Proceedings of the eleventh ACM SIGKDD international conference on Knowledge discovery in data mining},
 series = {KDD '05},
 year = {2005},
 isbn = {1-59593-135-X},
 location = {Chicago, Illinois, USA},
 pages = {344--353},
 numpages = {10},
 url = {http://doi.acm.org/10.1145/1081870.1081910},
 doi = {http://doi.acm.org/10.1145/1081870.1081910},
 acmid = {1081910},
 publisher = {ACM},
 address = {New York, NY, USA},
 keywords = {clustering, data mining, relational databases},
 annote = "{This paper makes an attempt to cluster based on user input for attributes.  Need to read further to get the finer details.}"
}