
@inproceedings{guha98,
author = "Sudipto Guha and Rajeev Rastogi and Kyuseok Shim", 
title = "CURE: an efficient clustering algorithm for large databases",
booktitle = "Proceedings of the 1998 ACM SIGMOD international conference on Management of data",
year = 1998,
note = "{\em Interesting implementation of clustering with large databases.  A possible good starting point for examining data clustering of managed data.}"
}

@article{berry94,
author = "Berry, M. W., Dumais, S. T., and O'Brien, G. W.",
title = "Using linear algebra for intelligent information retrieval.",
journal = "SIAM Rev.",
pages = "573-595",
year = "1994",
note = "{\em This paper appears to be the second published work on using linear algebra for query processing.  They describe the method as Latent Semantic Analysis.  Google Scholar reports it has over 1100 citations.}"
}

@article{deerwester90,
author = "Deerwester, S. C., Dumais, S. T., Landauer, T. K., Furnas, G. W., and Harshman, R. A.",
title = "Indexing by latent semantic analysis",
journal = "Journal of American Society for Information Science",
volume = "41",
pages = "391--407",
year = "1990",
note = "{\em This appears to be the first paper that uses latent semantic analysis for indexing documents to support better querying.  Google Scholar lists the citations as nearly 5000.}"
}

@inproceedings{yang99,
author = "Y. Yang",
title = "An evaluation of statistical approaches to text categorization.",
booktitle = "Information Retrieval Vol 1",
year = "1999",
note = "{\em Need to read.}"
}

@inproceedings{ng94,
author = "Raymond T. Ng and Jiawei Han",
title = "Efficient and Effective Clustering Methods for Spatial Data Mining",
booktitle = "Proceedings of the 20th International Conference on Very Large Data Bases",
year = "1994",
note = "{\em Need to read.}"
}

@inproceedings{beckmann90,
author = "Norbert Beckmann and Hans-Peter Kriegel and Ralf Schneider and Bernhard Seeger",
title = "The R*-tree: an efficient and robust access method for points and rectangles",
booktitle = "Proceedings of the 1990 ACM SIGMOD international conference on Management of data",
year = "1990",
note = "{\em Appears to be an important improvement over the state of the art in searching through database data.  I remember Dr Kalpakis mentioning R-trees in graduate databases as interesting and it is cited over 650 times.}"
}
